<?xml version="1.0" encoding="UTF-8"?><collection xmlns="http://www.loc.gov/MARC21/slim"><record><leader>00634nam--2200181-i-4500</leader><controlfield tag="001">000010507</controlfield><controlfield tag="002">20161230</controlfield><controlfield tag="005">20161230201028</controlfield><controlfield tag="008">060222s1000------------r-----000-0-fre-d</controlfield><datafield ind1=" " ind2=" " tag="040"><subfield code="a">IFIN-HH</subfield></datafield><datafield ind1=" " ind2=" " tag="041"><subfield code="a">fre</subfield></datafield><datafield ind1=" " ind2=" " tag="080"><subfield code="a">539.163.3:015:539.143.5</subfield></datafield><datafield ind1="1" ind2=" " tag="100"><subfield code="a">Beck, Francis</subfield></datafield><datafield ind1="1" ind2="0" tag="245"><subfield code="a">Etude de transitions electromagnetiques dans l es noyaux 207ti, 13c, 12b et 35 mn par des met hodes de correlations angulaires, distribution s angulaires et polarisation plane de rayons gamma</subfield><subfield code="b">These</subfield><subfield code="c">Francis beck</subfield></datafield><datafield ind1=" " ind2=" " tag="260"><subfield code="a">Paris</subfield><subfield code="b">Masson &amp; C-ie, Editeurs</subfield><subfield code="c">1970</subfield></datafield><datafield ind1=" " ind2=" " tag="300"><subfield code="a">34 P</subfield></datafield><datafield ind1=" " ind2=" " tag="852"><subfield code="a">38003</subfield><subfield code="c">539.14</subfield></datafield><datafield ind1=" " ind2=" " tag="CAT"><subfield code="a">Sys</subfield><subfield code="c">20120329</subfield><subfield code="h">105505</subfield></datafield></record></collection>